<?xml version="1.0" encoding="UTF-8"?><collection xmlns="http://www.loc.gov/MARC21/slim"><record><leader>00340nam--2200121-i-4500</leader><controlfield tag="001">000019279</controlfield><controlfield tag="002">20161230</controlfield><controlfield tag="005">20161230201033</controlfield><controlfield tag="008">060222s1000------------r-----000-0-eng-d</controlfield><datafield ind1=" " ind2=" " tag="245"><subfield code="a">Engineering,chemistry and use of plasma reactors</subfield></datafield><datafield ind1=" " ind2=" " tag="260"><subfield code="a">New York, American Institute Of Chemical Engineers, 1971</subfield></datafield><datafield ind1=" " ind2=" " tag="700"><subfield code="a">Flinn, James E</subfield></datafield><datafield ind1=" " ind2=" " tag="852"><subfield code="a">10950</subfield></datafield></record></collection>